
@misc{jq.ajaxex,
    author = "Lenik",
    note = "\url{http://track.secca-project.com/projects/stack/browser/sems/trunk/archetype/type-ublock-webapp/src/main/webapp/js/jquery.ajaxex.js}",
    title = "jQuery AJAX 父页面控制扩展",
    year = "2010"
}

@misc{ebcdev.hmac,
    author = "Lenik",
    note = "\url{http://track.secca-project.com/projects/stack/browser/sems/trunk/modules/EBC/ebc-dev/src/main/java/com/bee32/sems/ajax/HMAC.java}",
    title = "Parent-Auth HMAC 算法",
    year = "2010"
}

@misc{ebcdev.xpc,
    author = "Lenik",
    note = "\url{http://track.secca-project.com/projects/stack/browser/sems/trunk/modules/EBC/ebc-dev/src/main/java/com/bee32/sems/ajax/ParentControl.java}",
    title = "\xpc 支持类",
    year = "2010"
}

% TRACK/ebc-dev/src/main/java/com/bee32/sems/ajax/ParentControl.java
